<?xml version="1.0" encoding="UTF-8"?><collection xmlns="http://www.loc.gov/MARC21/slim"><record><leader>00565nam--2200181-i-4500</leader><controlfield tag="001">000047098</controlfield><controlfield tag="002">20161230</controlfield><controlfield tag="005">20161230201046</controlfield><controlfield tag="008">060222s1000------------r-----000-0-fre-d</controlfield><datafield ind1=" " ind2=" " tag="040"><subfield code="a">IFIN-HH</subfield></datafield><datafield ind1=" " ind2=" " tag="041"><subfield code="a">fre</subfield></datafield><datafield ind1=" " ind2=" " tag="080"><subfield code="a">539.1453.43:547.022:543.5(043)</subfield></datafield><datafield ind1="1" ind2=" " tag="100"><subfield code="a">Vuilhorgne,Marc</subfield></datafield><datafield ind1="1" ind2="0" tag="245"><subfield code="a">Etude en rmndu 13 c de nucleosidedhexopyranosyl pyrimidiques et appl.a l`elucidatiion de la structure de l'anthelmycie</subfield><subfield code="b">These</subfield><subfield code="c">Marc vuilhorgne</subfield></datafield><datafield ind1=" " ind2=" " tag="260"><subfield code="a">Paris</subfield><subfield code="b">Universite</subfield><subfield code="c">1977</subfield></datafield><datafield ind1=" " ind2=" " tag="300"><subfield code="a">120 P</subfield></datafield><datafield ind1=" " ind2=" " tag="852"><subfield code="a">44966</subfield><subfield code="c">539.143.43</subfield></datafield><datafield ind1=" " ind2=" " tag="CAT"><subfield code="a">Sys</subfield><subfield code="c">20120510</subfield><subfield code="h">121607</subfield></datafield></record></collection>